<?xml version="1.0" encoding="UTF-8"?><collection xmlns="http://www.loc.gov/MARC21/slim"><record><leader>00384nam--2200133-i-4500</leader><controlfield tag="001">000000371</controlfield><controlfield tag="002">20161230</controlfield><controlfield tag="005">20161230201024</controlfield><controlfield tag="008">060222s1000------------r-----000-0-eng-d</controlfield><datafield ind1=" " ind2=" " tag="080"><subfield code="a">538.551.621.316</subfield></datafield><datafield ind1=" " ind2=" " tag="100"><subfield code="a">Fricke, H.W</subfield></datafield><datafield ind1=" " ind2=" " tag="245"><subfield code="a">Ableitungen und formeln der funk-und- fernmeldetechnik.matematische grundlagen</subfield></datafield><datafield ind1=" " ind2=" " tag="260"><subfield code="a">Leipzig, Fachbuchverlag Gmbh.136 P. + Fig</subfield></datafield><datafield ind1=" " ind2=" " tag="852"><subfield code="a">11216</subfield></datafield></record></collection>